% This file was created with JabRef 2.10.
% Encoding: UTF-8


@Article{Bernevig2006,
  Title                    = {Quantum Spin Hall Effect and Topological Phase Transition in HgTe Quantum Wells},
  Author                   = {Bernevig, B. A. and Hughes, T. L. and Zhang, S.-C.},
  Journal                  = {Science},
  Year                     = {2006},

  Month                    = {Dec},
  Number                   = {5806},
  Pages                    = {1757–1761},
  Volume                   = {314},

  Doi                      = {10.1126/science.1133734},
  ISSN                     = {1095-9203},
  Owner                    = {ksenia},
  Publisher                = {American Association for the Advancement of Science (AAAS)},
  Timestamp                = {2016.12.14},
  Url                      = {http://dx.doi.org/10.1126/science.1133734}
}

@Article{Kane2005,
  Title                    = {Quantum Spin Hall Effect in Graphene},
  Author                   = {Kane, C. L. and Mele, E. J.},
  Journal                  = {Physical Review Letters},
  Year                     = {2005},

  Month                    = {Nov},
  Number                   = {22},
  Volume                   = {95},
  Doi                      = {10.1103/physrevlett.95.226801},
  ISSN                     = {1079-7114},
  Owner                    = {ksenia},
  Publisher                = {American Physical Society (APS)},
  Timestamp                = {2016.12.15},
  Url                      = {http://dx.doi.org/10.1103/PhysRevLett.95.226801}
}

@Article{Kohmoto1985,
  Title                    = {Topological invariant and the quantization of the Hall conductance},
  Author                   = {Kohmoto, Mahito},
  Journal                  = {Annals of Physics},
  Year                     = {1985},

  Month                    = {Apr},
  Number                   = {2},
  Pages                    = {343–354},
  Volume                   = {160},

  Doi                      = {10.1016/0003-4916(85)90148-4},
  ISSN                     = {0003-4916},
  Owner                    = {ksenia},
  Publisher                = {Elsevier BV},
  Timestamp                = {2016.12.14},
  Url                      = {http://dx.doi.org/10.1016/0003-4916(85)90148-4}
}

@Article{Konig2007,
  Title                    = {Quantum Spin Hall Insulator State in HgTe Quantum Wells},
  Author                   = {Konig, M. and Wiedmann, S. and Brune, C. and Roth, A. and Buhmann, H. and Molenkamp, L. W. and Qi, X.-L. and Zhang, S.-C.},
  Journal                  = {Science},
  Year                     = {2007},

  Month                    = {Nov},
  Number                   = {5851},
  Pages                    = {766–770},
  Volume                   = {318},

  Doi                      = {10.1126/science.1148047},
  ISSN                     = {1095-9203},
  Owner                    = {ksenia},
  Publisher                = {American Association for the Advancement of Science (AAAS)},
  Timestamp                = {2016.12.14},
  Url                      = {http://dx.doi.org/10.1126/science.1148047}
}

@Article{Novik2005,
  Title                    = { Band structure of semimagnetic Hg 1 − y Mn y Te quantum wells },
  Author                   = {Novik, E. G. and Pfeuffer-Jeschke, A. and Jungwirth, T. and Latussek, V. and Becker, C. R. and Landwehr, G. and Buhmann, H. and Molenkamp, L. W.},
  Journal                  = {Physical Review B},
  Year                     = {2005},

  Month                    = {Jul},
  Number                   = {3},
  Volume                   = {72},

  __markedentry            = {[ksenia:6]},
  Doi                      = {10.1103/physrevb.72.035321},
  ISSN                     = {1550-235X},
  Owner                    = {ksenia},
  Publisher                = {American Physical Society (APS)},
  Timestamp                = {2016.12.18},
  Url                      = {http://dx.doi.org/10.1103/PhysRevB.72.035321}
}

@Article{Qi2006,
  Title                    = {Topological quantization of the spin Hall effect in two-dimensional paramagnetic semiconductors},
  Author                   = {Qi, Xiao-Liang and Wu, Yong-Shi and Zhang, Shou-Cheng},
  Journal                  = {Physical Review B},
  Year                     = {2006},

  Month                    = {Aug},
  Number                   = {8},
  Volume                   = {74},

  __markedentry            = {[ksenia:]},
  Doi                      = {10.1103/physrevb.74.085308},
  ISSN                     = {1550-235X},
  Owner                    = {ksenia},
  Publisher                = {American Physical Society (APS)},
  Timestamp                = {2016.12.15},
  Url                      = {http://dx.doi.org/10.1103/PhysRevB.74.085308}
}

@Article{Thouless1982,
  Title                    = {Quantized Hall Conductance in a Two-Dimensional Periodic Potential},
  Author                   = {Thouless, D. J. and Kohmoto, M. and Nightingale, M. P. and den Nijs, M.},
  Journal                  = {Physical Review Letters},
  Year                     = {1982},

  Month                    = {Aug},
  Number                   = {6},
  Pages                    = {405–408},
  Volume                   = {49},

  Doi                      = {10.1103/physrevlett.49.405},
  ISSN                     = {0031-9007},
  Owner                    = {ksenia},
  Publisher                = {American Physical Society (APS)},
  Timestamp                = {2016.12.15},
  Url                      = {http://dx.doi.org/10.1103/PhysRevLett.49.405}
}

